@article{agarwal_organic_2015,
	title = {Do {Organic} {Results} {Help} or {Hurt} {Sponsored} {Search} {Performance}?},
	volume = {26},
	issn = {1047-7047, 1526-5536},
	url = {http://pubsonline.informs.org/doi/10.1287/isre.2015.0593},
	doi = {10.1287/isre.2015.0593},
	language = {en},
	number = {4},
	urldate = {2018-08-14},
	journal = {Information Systems Research},
	author = {Agarwal, Ashish and Hosanagar, Kartik and Smith, Michael D.},
	month = dec,
	year = {2015},
	pages = {695--713}
}
@article{ghose,
    author = {Ghose, Anindya and Yang, Sha},
    title = {An Empirical Analysis of Search Engine Advertising: Sponsored Search in Electronic Markets},
    journal = {Management Science},
    volume = {55},
    number = {10},
    pages = {1605-1622},
    year = {2009},
    doi = {10.1287/mnsc.1090.1054},
    
    URL = { 
            https://doi.org/10.1287/mnsc.1090.1054
        
    },
    eprint = { 
            https://doi.org/10.1287/mnsc.1090.1054}
}
@book{rossibook,
title = "Bayesian Statistics and Marketing",
author = "Rossi, {Peter E.} and Allenby, {Greg M.} and Robert McCulloch",
year = "2006",
month = "10",
day = "13",
doi = "10.1002/0470863692",
language = "English (US)",
isbn = "0470863676",
publisher = "Wiley",
}

@article{JAGS,
title = "JAGS Version 4.3.0 user manual",
author = "Plummer, Martyn",
year = "2017",
month = "June",
day = "28"}

@online {MCMCDiagnostic,
    author = "White, John Myles",
    title = "MCMC Diagnostics in R with the coda Package",
    month = "aug",
    year = "2010",
    url = "http://www.johnmyleswhite.com/notebook/2010/08/29/mcmc-diagnostics-in-r-with-the-coda-package/"
}